%YAML 1.1
%TAG !u! tag:unity3d.com,2011:
--- !u!1 &1397265978050837870
GameObject:
  m_ObjectHideFlags: 0
  m_CorrespondingSourceObject: {fileID: 0}
  m_PrefabInstance: {fileID: 0}
  m_PrefabAsset: {fileID: 0}
  serializedVersion: 6
  m_Component:
  - component: {fileID: 1397265978050837871}
  - component: {fileID: 1397265978050837866}
  - component: {fileID: 1397265978050837865}
  - component: {fileID: 1397265978050837864}
  m_Layer: 5
  m_Name: Exclamation
  m_TagString: Untagged
  m_Icon: {fileID: 0}
  m_NavMeshLayer: 0
  m_StaticEditorFlags: 0
  m_IsActive: 1
--- !u!224 &1397265978050837871
RectTransform:
  m_ObjectHideFlags: 0
  m_CorrespondingSourceObject: {fileID: 0}
  m_PrefabInstance: {fileID: 0}
  m_PrefabAsset: {fileID: 0}
  m_GameObject: {fileID: 1397265978050837870}
  m_LocalRotation: {x: -0, y: -0.2588186, z: -0, w: 0.965926}
  m_LocalPosition: {x: 0, y: 0, z: -0.25991634}
  m_LocalScale: {x: 1.5000004, y: 1.4999999, z: 1.5000004}
  m_ConstrainProportionsScale: 0
  m_Children:
  - {fileID: 1397265979013203165}
  m_Father: {fileID: 1397265978562321075}
  m_RootOrder: 0
  m_LocalEulerAnglesHint: {x: 0, y: 0, z: 0}
  m_AnchorMin: {x: 0, y: 0}
  m_AnchorMax: {x: 0, y: 0}
  m_AnchoredPosition: {x: 0.38830543, y: 1.0749999}
  m_SizeDelta: {x: 0.5072, y: 0.5049}
  m_Pivot: {x: 0.5, y: 0.5}
--- !u!223 &1397265978050837866
Canvas:
  m_ObjectHideFlags: 0
  m_CorrespondingSourceObject: {fileID: 0}
  m_PrefabInstance: {fileID: 0}
  m_PrefabAsset: {fileID: 0}
  m_GameObject: {fileID: 1397265978050837870}
  m_Enabled: 1
  serializedVersion: 3
  m_RenderMode: 2
  m_Camera: {fileID: 0}
  m_PlaneDistance: 100
  m_PixelPerfect: 0
  m_ReceivesEvents: 1
  m_OverrideSorting: 0
  m_OverridePixelPerfect: 0
  m_SortingBucketNormalizedSize: 0
  m_AdditionalShaderChannelsFlag: 0
  m_SortingLayerID: 0
  m_SortingOrder: 0
  m_TargetDisplay: 0
--- !u!114 &1397265978050837865
MonoBehaviour:
  m_ObjectHideFlags: 0
  m_CorrespondingSourceObject: {fileID: 0}
  m_PrefabInstance: {fileID: 0}
  m_PrefabAsset: {fileID: 0}
  m_GameObject: {fileID: 1397265978050837870}
  m_Enabled: 1
  m_EditorHideFlags: 0
  m_Script: {fileID: 11500000, guid: 0cd44c1031e13a943bb63640046fad76, type: 3}
  m_Name: 
  m_EditorClassIdentifier: 
  m_UiScaleMode: 0
  m_ReferencePixelsPerUnit: 100
  m_ScaleFactor: 1
  m_ReferenceResolution: {x: 800, y: 600}
  m_ScreenMatchMode: 0
  m_MatchWidthOrHeight: 0
  m_PhysicalUnit: 3
  m_FallbackScreenDPI: 96
  m_DefaultSpriteDPI: 96
  m_DynamicPixelsPerUnit: 1
  m_PresetInfoIsWorld: 1
--- !u!114 &1397265978050837864
MonoBehaviour:
  m_ObjectHideFlags: 0
  m_CorrespondingSourceObject: {fileID: 0}
  m_PrefabInstance: {fileID: 0}
  m_PrefabAsset: {fileID: 0}
  m_GameObject: {fileID: 1397265978050837870}
  m_Enabled: 1
  m_EditorHideFlags: 0
  m_Script: {fileID: 11500000, guid: dc42784cf147c0c48a680349fa168899, type: 3}
  m_Name: 
  m_EditorClassIdentifier: 
  m_IgnoreReversedGraphics: 1
  m_BlockingObjects: 0
  m_BlockingMask:
    serializedVersion: 2
    m_Bits: 4294967295
--- !u!1 &1397265978562321076
GameObject:
  m_ObjectHideFlags: 0
  m_CorrespondingSourceObject: {fileID: 0}
  m_PrefabInstance: {fileID: 0}
  m_PrefabAsset: {fileID: 0}
  serializedVersion: 6
  m_Component:
  - component: {fileID: 1397265978562321075}
  - component: {fileID: 1397265978562321078}
  - component: {fileID: 1397265978562321077}
  - component: {fileID: 1397265978562321085}
  - component: {fileID: 1397265978562321084}
  m_Layer: 0
  m_Name: NPC 1
  m_TagString: Untagged
  m_Icon: {fileID: 0}
  m_NavMeshLayer: 0
  m_StaticEditorFlags: 0
  m_IsActive: 1
--- !u!4 &1397265978562321075
Transform:
  m_ObjectHideFlags: 0
  m_CorrespondingSourceObject: {fileID: 0}
  m_PrefabInstance: {fileID: 0}
  m_PrefabAsset: {fileID: 0}
  m_GameObject: {fileID: 1397265978562321076}
  m_LocalRotation: {x: -0, y: 0.2588186, z: -0, w: 0.965926}
  m_LocalPosition: {x: 3.88, y: 1.46, z: -10.33}
  m_LocalScale: {x: 1, y: 1.2, z: 1}
  m_ConstrainProportionsScale: 0
  m_Children:
  - {fileID: 1397265978050837871}
  - {fileID: 1308789978633923660}
  m_Father: {fileID: 0}
  m_RootOrder: 0
  m_LocalEulerAnglesHint: {x: 0, y: 30, z: 0}
--- !u!114 &1397265978562321078
MonoBehaviour:
  m_ObjectHideFlags: 0
  m_CorrespondingSourceObject: {fileID: 0}
  m_PrefabInstance: {fileID: 0}
  m_PrefabAsset: {fileID: 0}
  m_GameObject: {fileID: 1397265978562321076}
  m_Enabled: 1
  m_EditorHideFlags: 0
  m_Script: {fileID: 11500000, guid: bb06d073718a45742a606cc9ed2123c2, type: 3}
  m_Name: 
  m_EditorClassIdentifier: 
  cam: {fileID: 0}
  hasTalked: 1
  flow: {fileID: 0}
  talkButton: {fileID: 0}
  theGuy: {fileID: 0}
--- !u!65 &1397265978562321077
BoxCollider:
  m_ObjectHideFlags: 0
  m_CorrespondingSourceObject: {fileID: 0}
  m_PrefabInstance: {fileID: 0}
  m_PrefabAsset: {fileID: 0}
  m_GameObject: {fileID: 1397265978562321076}
  m_Material: {fileID: 0}
  m_IsTrigger: 1
  m_Enabled: 1
  serializedVersion: 2
  m_Size: {x: 3, y: 3, z: 3}
  m_Center: {x: 0, y: 0, z: 0}
--- !u!64 &1397265978562321085
MeshCollider:
  m_ObjectHideFlags: 0
  m_CorrespondingSourceObject: {fileID: 0}
  m_PrefabInstance: {fileID: 0}
  m_PrefabAsset: {fileID: 0}
  m_GameObject: {fileID: 1397265978562321076}
  m_Material: {fileID: 0}
  m_IsTrigger: 0
  m_Enabled: 1
  serializedVersion: 4
  m_Convex: 0
  m_CookingOptions: 30
  m_Mesh: {fileID: 0}
--- !u!136 &1397265978562321084
CapsuleCollider:
  m_ObjectHideFlags: 0
  m_CorrespondingSourceObject: {fileID: 0}
  m_PrefabInstance: {fileID: 0}
  m_PrefabAsset: {fileID: 0}
  m_GameObject: {fileID: 1397265978562321076}
  m_Material: {fileID: 0}
  m_IsTrigger: 0
  m_Enabled: 1
  m_Radius: 0.5
  m_Height: 1.72
  m_Direction: 1
  m_Center: {x: 0.44, y: -0.39, z: -0.21}
--- !u!1 &1397265979013203164
GameObject:
  m_ObjectHideFlags: 0
  m_CorrespondingSourceObject: {fileID: 0}
  m_PrefabInstance: {fileID: 0}
  m_PrefabAsset: {fileID: 0}
  serializedVersion: 6
  m_Component:
  - component: {fileID: 1397265979013203165}
  - component: {fileID: 1397265979013203167}
  - component: {fileID: 1397265979013203166}
  m_Layer: 5
  m_Name: Image
  m_TagString: Untagged
  m_Icon: {fileID: 0}
  m_NavMeshLayer: 0
  m_StaticEditorFlags: 0
  m_IsActive: 1
--- !u!224 &1397265979013203165
RectTransform:
  m_ObjectHideFlags: 0
  m_CorrespondingSourceObject: {fileID: 0}
  m_PrefabInstance: {fileID: 0}
  m_PrefabAsset: {fileID: 0}
  m_GameObject: {fileID: 1397265979013203164}
  m_LocalRotation: {x: -0, y: 0.000000029802315, z: -0, w: 1}
  m_LocalPosition: {x: 0, y: 0, z: 0}
  m_LocalScale: {x: 1, y: 1, z: 1}
  m_ConstrainProportionsScale: 0
  m_Children: []
  m_Father: {fileID: 1397265978050837871}
  m_RootOrder: 0
  m_LocalEulerAnglesHint: {x: 0, y: 0, z: 0}
  m_AnchorMin: {x: 0, y: 0}
  m_AnchorMax: {x: 1, y: 1}
  m_AnchoredPosition: {x: 0, y: 0}
  m_SizeDelta: {x: 0, y: 0}
  m_Pivot: {x: 0.5, y: 0.5}
--- !u!222 &1397265979013203167
CanvasRenderer:
  m_ObjectHideFlags: 0
  m_CorrespondingSourceObject: {fileID: 0}
  m_PrefabInstance: {fileID: 0}
  m_PrefabAsset: {fileID: 0}
  m_GameObject: {fileID: 1397265979013203164}
  m_CullTransparentMesh: 1
--- !u!114 &1397265979013203166
MonoBehaviour:
  m_ObjectHideFlags: 0
  m_CorrespondingSourceObject: {fileID: 0}
  m_PrefabInstance: {fileID: 0}
  m_PrefabAsset: {fileID: 0}
  m_GameObject: {fileID: 1397265979013203164}
  m_Enabled: 1
  m_EditorHideFlags: 0
  m_Script: {fileID: 11500000, guid: fe87c0e1cc204ed48ad3b37840f39efc, type: 3}
  m_Name: 
  m_EditorClassIdentifier: 
  m_Material: {fileID: 0}
  m_Color: {r: 1, g: 1, b: 1, a: 1}
  m_RaycastTarget: 1
  m_RaycastPadding: {x: 0, y: 0, z: 0, w: 0}
  m_Maskable: 1
  m_OnCullStateChanged:
    m_PersistentCalls:
      m_Calls: []
  m_Sprite: {fileID: 21300000, guid: 7104aace7134b534583d0bdbf4b525e3, type: 3}
  m_Type: 0
  m_PreserveAspect: 0
  m_FillCenter: 1
  m_FillMethod: 4
  m_FillAmount: 1
  m_FillClockwise: 1
  m_FillOrigin: 0
  m_UseSpriteMesh: 0
  m_PixelsPerUnitMultiplier: 1
--- !u!1001 &1397265979426089368
PrefabInstance:
  m_ObjectHideFlags: 0
  serializedVersion: 2
  m_Modification:
    m_TransformParent: {fileID: 1397265978562321075}
    m_Modifications:
    - target: {fileID: 93968165595170260, guid: 75838df0a41bbbe42b4f2da3a28784d4, type: 3}
      propertyPath: m_RootOrder
      value: 1
      objectReference: {fileID: 0}
    - target: {fileID: 93968165595170260, guid: 75838df0a41bbbe42b4f2da3a28784d4, type: 3}
      propertyPath: m_LocalScale.y
      value: 0.83333325
      objectReference: {fileID: 0}
    - target: {fileID: 93968165595170260, guid: 75838df0a41bbbe42b4f2da3a28784d4, type: 3}
      propertyPath: m_LocalPosition.x
      value: 0.35320455
      objectReference: {fileID: 0}
    - target: {fileID: 93968165595170260, guid: 75838df0a41bbbe42b4f2da3a28784d4, type: 3}
      propertyPath: m_LocalPosition.y
      value: -1.0679045
      objectReference: {fileID: 0}
    - target: {fileID: 93968165595170260, guid: 75838df0a41bbbe42b4f2da3a28784d4, type: 3}
      propertyPath: m_LocalPosition.z
      value: -0.21176925
      objectReference: {fileID: 0}
    - target: {fileID: 93968165595170260, guid: 75838df0a41bbbe42b4f2da3a28784d4, type: 3}
      propertyPath: m_LocalRotation.w
      value: -0.7538732
      objectReference: {fileID: 0}
    - target: {fileID: 93968165595170260, guid: 75838df0a41bbbe42b4f2da3a28784d4, type: 3}
      propertyPath: m_LocalRotation.x
      value: -0
      objectReference: {fileID: 0}
    - target: {fileID: 93968165595170260, guid: 75838df0a41bbbe42b4f2da3a28784d4, type: 3}
      propertyPath: m_LocalRotation.y
      value: 0.65701985
      objectReference: {fileID: 0}
    - target: {fileID: 93968165595170260, guid: 75838df0a41bbbe42b4f2da3a28784d4, type: 3}
      propertyPath: m_LocalRotation.z
      value: -0
      objectReference: {fileID: 0}
    - target: {fileID: 93968165595170260, guid: 75838df0a41bbbe42b4f2da3a28784d4, type: 3}
      propertyPath: m_LocalEulerAnglesHint.x
      value: 0
      objectReference: {fileID: 0}
    - target: {fileID: 93968165595170260, guid: 75838df0a41bbbe42b4f2da3a28784d4, type: 3}
      propertyPath: m_LocalEulerAnglesHint.y
      value: 307.854
      objectReference: {fileID: 0}
    - target: {fileID: 93968165595170260, guid: 75838df0a41bbbe42b4f2da3a28784d4, type: 3}
      propertyPath: m_LocalEulerAnglesHint.z
      value: 0
      objectReference: {fileID: 0}
    - target: {fileID: 722272628031528814, guid: 75838df0a41bbbe42b4f2da3a28784d4, type: 3}
      propertyPath: m_Name
      value: Female (1)
      objectReference: {fileID: 0}
    m_RemovedComponents: []
  m_SourcePrefab: {fileID: 100100000, guid: 75838df0a41bbbe42b4f2da3a28784d4, type: 3}
--- !u!4 &1308789978633923660 stripped
Transform:
  m_CorrespondingSourceObject: {fileID: 93968165595170260, guid: 75838df0a41bbbe42b4f2da3a28784d4, type: 3}
  m_PrefabInstance: {fileID: 1397265979426089368}
  m_PrefabAsset: {fileID: 0}
--- !u!1 &1829043235194975990 stripped
GameObject:
  m_CorrespondingSourceObject: {fileID: 722272628031528814, guid: 75838df0a41bbbe42b4f2da3a28784d4, type: 3}
  m_PrefabInstance: {fileID: 1397265979426089368}
  m_PrefabAsset: {fileID: 0}
--- !u!95 &1397265978035675322
Animator:
  serializedVersion: 4
  m_ObjectHideFlags: 0
  m_CorrespondingSourceObject: {fileID: 0}
  m_PrefabInstance: {fileID: 0}
  m_PrefabAsset: {fileID: 0}
  m_GameObject: {fileID: 1829043235194975990}
  m_Enabled: 1
  m_Avatar: {fileID: 9000000, guid: 8a4bc3fb0e9ed5643a8dca6c9cf9f9b6, type: 2}
  m_Controller: {fileID: 9100000, guid: baa952ee8d8102e46b4cf428140b64be, type: 2}
  m_CullingMode: 0
  m_UpdateMode: 0
  m_ApplyRootMotion: 0
  m_LinearVelocityBlending: 0
  m_StabilizeFeet: 0
  m_WarningMessage: 
  m_HasTransformHierarchy: 1
  m_AllowConstantClipSamplingOptimization: 1
  m_KeepAnimatorControllerStateOnDisable: 0
